<?xml version="1.0" encoding="UTF-8"?><collection xmlns="http://www.loc.gov/MARC21/slim"><record><leader>00374nam--2200133-i-4500</leader><controlfield tag="001">000027473</controlfield><controlfield tag="002">20161230</controlfield><controlfield tag="005">20161230201036</controlfield><controlfield tag="008">060222s1000------------r-----000-0-eng-d</controlfield><datafield ind1=" " ind2=" " tag="080"><subfield code="a">62-52:681.3</subfield></datafield><datafield ind1=" " ind2=" " tag="100"><subfield code="a">Korsakissok, Ch</subfield></datafield><datafield ind1=" " ind2=" " tag="245"><subfield code="a">Theorie et pratique d`automatismes numerique de la logique aux or dinateurs.</subfield></datafield><datafield ind1=" " ind2=" " tag="260"><subfield code="a">Paris, Editions Radio, 1971. 296p</subfield></datafield><datafield ind1=" " ind2=" " tag="852"><subfield code="a">41296</subfield></datafield></record></collection>